@misc{worldbank2016,
    author = {{World Bank}},
    title = {The Global Financial Development Database},
    year = {2016},
    note = {\url{http://data.worldbank.org/data-catalog/global-financial-development}. Accessed January 2015}
}

@article{Wang2015,
    author = {Wang, Rachel F and Irwin, Timothy C and Murara, Lewis K},
    title = {{Trends in Fiscal Transparency: Evidence from a New Database of the Coverage of Fiscal Reporting; }},
    journal = {IMF Working Paper},
    year = {2015},
    volume = {WP/15/188},
    pages = {1--37},
    month = jul
}

@article{GandrudHallbergFinStress,
	author = {Christopher Gandrud and Mark Hallerberg},
    title = {What is a Financial Crisis? Efficiently Measuring Real-Time Perceptions of Financial Market Stress with an Application to Financial Crisis Budget Cycles},
    year = {2015},
    journal ={CESIfo Working Paper},
    number = {5632},
    year = {2015},
    note = {\url{https://www.cesifo-group.de/DocDL/cesifo1_wp5632.pdf}}
}

@article{Bodea2015,
author = {Bodea, Cristina and Hicks, Raymond},
title = {{International Finance and Central Bank Independence: Institutional Diffusion and the Flow and Cost of Capital}},
journal = {The Journal of Politics},
year = {2015},
volume = {77},
number = {1},
pages = {268--284},
month = jan
}

@article{Cukierman1992,
  author = {Alex Cukierman and Steven B. Web and Bilin Neyapti},
  title = {Measuring the Independence of Central Banks and Its Effect on Policy
	Outcomes},
  journal = {The World Bank Economic Review},
  year = {1992},
  volume = {6},
  pages = {353-398},
  number = {3}
}

@ARTICLE{DPI2001,
    title = {New Tools in Comparative Political Economy: The Database of Political Institutions},
    author = {Thorsten Beck and George Clarke and Alberto Groff and Philip Keefer and and Patrick Walsh},
    year = {2001},
    journal = {World Bank Economic Review},
    issue = {15},
    number = {1}
}

@article{hyde2012,
    author = {Susan D. Hyde and Nikolay Marinov},
    title = {Which Elections Can Be Lost?},
    journal = {Political Analysis},
    year = {2012},
    volume = {20},
    number = {2},
    pages = {191-201}
}

@article{Marshall2009,
  author = {Monty G. Marshall and Keith Jaggers},
  month = {February},
  year = {2009},
  title = {Polity IV Project: Dataset Users' Manual},
  note = {\url{http://www.systemicpeace.org/polity/polity4.htm}},
  organization = {Center for Systemic Peace},
  owner = {christophergandrud},
  timestamp = {2010.06.30}
}

@article{dReinhardt2015,
    author = {Reinhardt, Dennis and Sowerbutts, Rhiannon},
    title = {{Regulatory arbitrage in action: evidence from banking flows and macroprudential policy}},
    journal = {Bank of England Staff Working Paper},
    year = {2015},
    pages = {1--37},
    month = sep
}
