@article{Breiman1996,
    author = {Breiman, Leo},
    title = {{Bagging Predictors}},
    journal = {Machine Learning},
    year = {1996},
    volume = {24},
    number = {2},
    pages = {123--140}
}

@article{Breiman2001,
    author = {Breiman, Leo},
    title = {{Random Forests}},
    journal = {Machine Learning},
    year = {2001},
    volume = {45},
    number = {1},
    pages = {5--32}
}

@article{jones2015,
    title = {Exploratory Data Analysis using Random Forests},
    author = {Zachary Jones and Fridolin Linder},
    journal = {Paper presented at the Annual MPSA Conference},
    year = {2015},
    note = {\url{http://zmjones.com/static/papers/rfss_manuscript.pdf}}
}

@article{Ehrlinger2015,
    author = {Ehrlinger, John},
    title = {{ggRandomForests}},
    journal = {Arxiv Working Paper},
    note = {Accessed from: \url{http://arxiv.org/pdf/1501.07196v2.pdf} March 2016},
    year = {2015},
    pages = {1--30},
    month = feb
}

@articel{Solt2014,
    author = {Frederick Solt},
    title = {The Standardized World Income Inequality Database},
    journal = {Working Paper},
    year = {2014},
    note = {SWIID Version 5.0, October}
}

@article{simPH_JSS,
    author = {Christopher Gandrud},
    title = {simPH: An R Package for Illustrating Estimates from Cox
        Proportional Hazard Models Including for Interactive and Nonlinear
        Effects},
    journal = {Journal of Statistical Software},
    year = {2015},
    volume = {65},
    issue = {3},
    pages = {1--20}
}

@article{King2000,
    author = {King, Gary and Tomz, Michael and Wittenberg, Jason},
    title = {{Making the Most of Statistical Analyses: Improving Interpretation and Presentation}},
    journal = {American Journal of Political Science},
    year = {2000},
    volume = {44},
    number = {2},
    pages = {341--355},
    month = apr
}

@Manual{citeR,
  title = {R: A Language and Environment for Statistical Computing},
  author = {{R Core Team}},
  organization = {R Foundation for Statistical Computing},
  address = {Vienna, Austria},
  year = {2016},
  url = {https://www.R-project.org/},
}

@Manual{armR,
    title = {arm: Data Analysis Using Regression and Multilevel/Hierarchical
    Models},
    author = {Andrew Gelman and Yu-Sung Su},
    year = {2015},
    note = {R package version 1.8-6},
    url = {https://CRAN.R-project.org/package=arm},
}

@article{Gelman2008,
    author = {Gelman, Andrew and Jakulin, Aleks and Pittau, Maria Grazia and Su, Yu-Sung},
    title = {{A weakly informative default prior distribution for logistic and other regression models}},
    journal = {The Annals of Applied Statistics},
    year = {2008},
    volume = {2},
    number = {4},
    pages = {1360--1383},
    month = dec
}

@article{bis2014,
    author = {Michela Scatigna and Robert Szemere and Kostas Tsatsaronis},
    title = {Residential Propoerty Price Statistics Across the Globe},
    journal = {BIS Quarterly Reivew},
    year = {2014},
    volume = {September}
}

@article{bis2016,
    author = {{Bank of International Settlements}},
    title = {Residential Property Prices Selected Series},
    year = {2016},
    note = {Accessed from: \url{http://www.bis.org/statistics/pp_selected.htm}. Accessed March 2016}
}

@misc{worldbank2016,
    author = {{World Bank}},
    title = {The Global Financial Development Database},
    year = {2016},
    note = {\url{http://data.worldbank.org/data-catalog/global-financial-development}. Accessed March 2016}
}

@article{Wang2015,
    author = {Wang, Rachel F and Irwin, Timothy C and Murara, Lewis K},
    title = {{Trends in Fiscal Transparency: Evidence from a New Database of the Coverage of Fiscal Reporting; }},
    journal = {IMF Working Paper},
    year = {2015},
    volume = {WP/15/188},
    pages = {1--37},
    month = jul
}

@article{GandrudHallbergFinStress,
	author = {Christopher Gandrud and Mark Hallerberg},
    title = {What is a Financial Crisis? Efficiently Measuring Real-Time Perceptions of Financial Market Stress with an Application to Financial Crisis Budget Cycles},
    year = {2015},
    journal ={CESIfo Working Paper},
    number = {5632},
    year = {2015},
    note = {\url{https://www.cesifo-group.de/DocDL/cesifo1_wp5632.pdf}}
}

@article{Bodea2015,
author = {Bodea, Cristina and Hicks, Raymond},
title = {{International Finance and Central Bank Independence: Institutional Diffusion and the Flow and Cost of Capital}},
journal = {The Journal of Politics},
year = {2015},
volume = {77},
number = {1},
pages = {268--284},
month = jan
}

@article{Cukierman1992,
  author = {Alex Cukierman and Steven B. Web and Bilin Neyapti},
  title = {Measuring the Independence of Central Banks and Its Effect on Policy
	Outcomes},
  journal = {The World Bank Economic Review},
  year = {1992},
  volume = {6},
  pages = {353-398},
  number = {3}
}

@ARTICLE{DPI2001,
    title = {New Tools in Comparative Political Economy: The Database of Political Institutions},
    author = {Thorsten Beck and George Clarke and Alberto Groff and Philip Keefer and and Patrick Walsh},
    year = {2001},
    journal = {World Bank Economic Review},
    issue = {15},
    number = {1}
}

@article{hyde2012,
    author = {Susan D. Hyde and Nikolay Marinov},
    title = {Which Elections Can Be Lost?},
    journal = {Political Analysis},
    year = {2012},
    volume = {20},
    number = {2},
    pages = {191-201}
}

@article{Marshall2009,
  author = {Monty G. Marshall and Keith Jaggers},
  month = {February},
  year = {2009},
  title = {Polity IV Project: Dataset Users' Manual},
  note = {\url{http://www.systemicpeace.org/polity/polity4.htm}},
  organization = {Center for Systemic Peace},
  owner = {christophergandrud},
  timestamp = {2010.06.30}
}

@article{dReinhardt2015,
    author = {Reinhardt, Dennis and Sowerbutts, Rhiannon},
    title = {{Regulatory arbitrage in action: evidence from banking flows and macroprudential policy}},
    journal = {Bank of England Staff Working Paper},
    year = {2015},
    pages = {1--37},
    month = sep
}
